@article{example-ref,
  author  = {A. Author and B. Author},
  title   = {Title of the Paper},
  journal = {Journal Name},
  volume  = {X},
  number  = {Y},
  pages   = {Z},
  year    = {Year}
}
@inproceedings{another-ref,
  author    = {C. Author and D. Author},
  title     = {Another Paper Title},
  booktitle = {Proceedings of Conference Name},
  year      = {Year}
}
@misc{misc-ref,
  title        = {Another Paper Title},
  author       = {E. Author and F. Author},
  howpublished = {\url{www.google.com}},
  note         = {Accessed: 2024-10-23}
}
@article{smith2023neural,
  author  = {John Smith and Emily Johnson},
  title   = {Neural Networks for Mesh Generation: A Comprehensive Survey},
  journal = {Journal of Computational Geometry},
  year    = {2023},
  volume  = {29},
  number  = {2},
  pages   = {120--135},
  month   = {March},
  doi     = {10.1016/j.jcg.2023.03.001},
  url     = {https://doi.org/10.1016/j.jcg.2023.03.001}
}
@article{raissi2017physics,
  title   = {Physics Informed Deep Learning (Part I): Data-driven Solutions of Nonlinear Partial Differential Equations},
  author  = {Raissi, Maziar and Perdikaris, Paris and Karniadakis, George Em},
  journal = {arXiv preprint arXiv:1711.10561},
  year    = {2017},
  url     = {https://arxiv.org/abs/1711.10561}
}
@misc{firstApproachGithubProject,
  title        = {deSineTask},
  author       = {Zhang Jinrui},
  howpublished = {\url{https://github.com/unjerry/autoCluster/blob/master/deSineTask.bat}},
  note         = {Accessed: 2024-10-21}
}
@misc{Envreqs,
  title        = {Envreqs},
  author       = {Zhang Jinrui},
  howpublished = {\url{https://github.com/unjerry/autoCluster/blob/master/reqs.bat}},
  note         = {Accessed: 2024-10-21}
}
@misc{deLinearTasksSine,
  title        = {Linear},
  author       = {Zhang Jinrui},
  howpublished = {\url{https://github.com/unjerry/autoCluster/blob/cbf0039/deLinearTasksSine.bat}},
  note         = {Accessed: 2024-10-21}
}
@misc{deLinearAugSine,
  title        = {LinearAug},
  author       = {Zhang Jinrui},
  howpublished = {\url{https://github.com/unjerry/autoCluster/blob/dabc8c85/deLinearAugTasksCircle.bat}},
  note         = {Accessed: 2024-10-23}
}
@misc{HEAT-PDE,
  title        = {WenierHeatEquation.py},
  author       = {Zhang Jinrui},
  howpublished = {\url{https://github.com/jerzha40/2025_exchange_at_universityofalberta/blob/main/LangevinDynamicsEXP/WenierHeatEquation.py}},
  note         = {Accessed: 2025-07-20}
}
@misc{HEAT-EM,
  title        = {WenierEulerMaruyama.py},
  author       = {Zhang Jinrui},
  howpublished = {\url{https://github.com/jerzha40/2025_exchange_at_universityofalberta/blob/main/LangevinDynamicsEXP/WenierEulerMaruyama.py}},
  note         = {Accessed: 2025-07-20}
}

@misc{EMH,
  title        = {Efficient-market hypothesis},
  author       = {wikipedia},
  howpublished = {\url{https://www.wikiwand.com/en/articles/Efficient-market_hypothesis}},
  note         = {Accessed: 2025-01-19}
}
@misc{Fokker-Planck,
  title        = {Fokker-Planck},
  author       = {wikipedia},
  howpublished = {\url{https://www.wikiwand.com/en/articles/Fokker%E2%80%93Planck_equation}},
  note         = {Accessed: 2025-01-19}
}
@misc{Langevin,
  title        = {Langevin},
  author       = {wikipedia},
  howpublished = {\url{https://en.m.wikipedia.org/wiki/Langevin_dynamics}},
  note         = {Accessed: 2025-07-14}
}
@misc{EXP20250119PrefixSequence,
  title        = {EXP20250119PrefixSequence},
  author       = {Zhang Jinrui},
  howpublished = {\url{https://github.com/unjerry/bnbCAC/blob/report/gptTestField/EXP20250119PrefixSequence.py}},
  note         = {Accessed: 2025-01-20}
}
@misc{EXP20250119PrefixSequenceGPTCov1d,
  title        = {EXP20250119PrefixSequenceGPTCov1d},
  author       = {Zhang Jinrui},
  howpublished = {\url{https://github.com/unjerry/bnbCAC/blob/report/gptTestField/EXP20250119PrefixSequenceGPTCov1d.py}},
  note         = {Accessed: 2025-01-20}
}
@misc{Data_process,
  title        = {Data process},
  author       = {Zhang Jinrui},
  howpublished = {\url{https://github.com/unjerry/bnbCAC/blob/report/gptTestField/computeGraph.py}},
  note         = {Accessed: 2025-01-27}
}
